<record><leader>00000cas a2200000 i 4500</leader><controlfield tag="001">2639764</controlfield><controlfield tag="008">761222d18041811maucr ne      0    0eng c</controlfield><datafield ind1=" " ind2=" " tag="010"><subfield code="a">sn 83020498 </subfield></datafield><datafield ind1=" " ind2=" " tag="040"><subfield code="a">KSU</subfield><subfield code="b">eng</subfield><subfield code="c">KSU</subfield><subfield code="d">NPX</subfield><subfield code="d">OCL</subfield><subfield code="d">NPU</subfield><subfield code="d">DLC</subfield><subfield code="d">NPA</subfield><subfield code="d">YOX</subfield><subfield code="d">MGN</subfield><subfield code="d">YOX</subfield><subfield code="d">IUL</subfield><subfield code="d">CNK</subfield><subfield code="d">FUG</subfield><subfield code="d">OBN</subfield><subfield code="d">TGN</subfield><subfield code="d">OCL</subfield><subfield code="d">DLC</subfield><subfield code="d">NYS</subfield><subfield code="d">KRTAS</subfield><subfield code="d">DLC</subfield><subfield code="d">UKMGB</subfield><subfield code="d">OCLCQ</subfield><subfield code="d">OCLCF</subfield><subfield code="d">OCLCO</subfield></datafield><datafield ind1=" " ind2=" " tag="012"><subfield code="b">3</subfield></datafield><datafield ind1="7" ind2=" " tag="016"><subfield code="a">013939404</subfield><subfield code="2">Uk</subfield></datafield><datafield ind1=" " ind2=" " tag="019"><subfield code="a">2639787</subfield></datafield><datafield ind1="1" ind2=" " tag="029"><subfield code="a">AU@</subfield><subfield code="b">000020122687</subfield></datafield><datafield ind1=" " ind2=" " tag="042"><subfield code="a">pcc</subfield></datafield><datafield ind1=" " ind2=" " tag="043"><subfield code="a">n-us-ma</subfield></datafield><datafield ind1="0" ind2="0" tag="050"><subfield code="a">Newspaper</subfield></datafield><datafield ind1="0" ind2=" " tag="130"><subfield code="a">Repertory (Boston, Mass. : 1804)</subfield></datafield><datafield ind1="1" ind2="4" tag="245"><subfield code="a">The repertory.</subfield></datafield><datafield ind1=" " ind2=" " tag="260"><subfield code="a">Boston, Mass. :</subfield><subfield code="b">John Park,</subfield><subfield code="c">1804-1811.</subfield></datafield><datafield ind1=" " ind2=" " tag="300"><subfield code="a">v. ;</subfield><subfield code="c">51-53 cm.</subfield></datafield><datafield ind1=" " ind2=" " tag="310"><subfield code="a">Semiweekly</subfield></datafield><datafield ind1="0" ind2=" " tag="362"><subfield code="a">Vol. 1, no. 58 (Feb. 3, 1804)-v. 8, no. 52 (June 28, 1811).</subfield></datafield><datafield ind1=" " ind2=" " tag="500"><subfield code="a">Publisher: J. &amp; A.W. Park, 1809-1810.</subfield></datafield><datafield ind1=" " ind2=" " tag="500"><subfield code="a">A statement from the editor published under this title was issued Jan. 25, 1804, but apparently does not constitute an issue of the newspaper.</subfield></datafield><datafield ind1=" " ind2=" " tag="530"><subfield code="a">Also issued on microfilm.</subfield></datafield><datafield ind1=" " ind2="0" tag="651"><subfield code="a">Boston (Mass.)</subfield><subfield code="v">Newspapers.</subfield></datafield><datafield ind1=" " ind2="0" tag="651"><subfield code="a">Suffolk County (Mass.)</subfield><subfield code="v">Newspapers.</subfield></datafield><datafield ind1=" " ind2="7" tag="655"><subfield code="a">Newspapers.</subfield><subfield code="2">fast</subfield><subfield code="0">(OCoLC)fst01423814</subfield></datafield><datafield ind1=" " ind2="7" tag="651"><subfield code="a">Massachusetts</subfield><subfield code="z">Boston.</subfield><subfield code="2">fast</subfield><subfield code="0">(OCoLC)fst01205012</subfield></datafield><datafield ind1=" " ind2="7" tag="651"><subfield code="a">Massachusetts</subfield><subfield code="z">Suffolk County.</subfield><subfield code="2">fast</subfield><subfield code="0">(OCoLC)fst01206189</subfield></datafield><datafield ind1=" " ind2=" " tag="752"><subfield code="a">United States</subfield><subfield code="b">Massachusetts</subfield><subfield code="c">Suffolk</subfield><subfield code="d">Boston.</subfield></datafield><datafield ind1="0" ind2="0" tag="780"><subfield code="t">New-England repertory</subfield><subfield code="w">(DLC)sn 83020439</subfield><subfield code="w">(OCoLC)9355361</subfield></datafield><datafield ind1="0" ind2="0" tag="785"><subfield code="t">Repertory and general advertiser</subfield><subfield code="w">(DLC)sn 83020500</subfield><subfield code="w">(OCoLC)2639702</subfield></datafield><datafield ind1=" " ind2=" " tag="938"><subfield code="a">Kirtas Technologies, Inc.</subfield><subfield code="b">KRTS</subfield><subfield code="n">735758</subfield></datafield></record>